<record><leader>00000cas a2200000 a 4500</leader><controlfield tag="001">15112060</controlfield><controlfield tag="008">870126d195919uuwiucr ne      0   a0eng c</controlfield><datafield ind1=" " ind2=" " tag="010"><subfield code="a">sn 87082050 </subfield></datafield><datafield ind1=" " ind2=" " tag="040"><subfield code="a">NPV</subfield><subfield code="b">eng</subfield><subfield code="c">NPV</subfield><subfield code="d">NSD</subfield><subfield code="d">NVF</subfield><subfield code="d">OCLCQ</subfield><subfield code="d">OCLCF</subfield><subfield code="d">OCLCO</subfield></datafield><datafield ind1=" " ind2=" " tag="012"><subfield code="j">1</subfield><subfield code="k">1</subfield><subfield code="m">d</subfield></datafield><datafield ind1="1" ind2=" " tag="022"><subfield code="a">0899-7616</subfield><subfield code="l">0899-7616</subfield><subfield code="2">1</subfield></datafield><datafield ind1="1" ind2=" " tag="029"><subfield code="a">AU@</subfield><subfield code="b">000020443941</subfield></datafield><datafield ind1=" " ind2=" " tag="037"><subfield code="b">Delavan Enterprise, P.O. Box 366, 1436 Mound Rd., Delavan, WI 53115-0345</subfield></datafield><datafield ind1=" " ind2=" " tag="042"><subfield code="a">pcc</subfield><subfield code="a">nsdp</subfield></datafield><datafield ind1=" " ind2="4" tag="222"><subfield code="a">The Delavan enterprise and the Delavan Republican</subfield></datafield><datafield ind1="0" ind2="4" tag="245"><subfield code="a">The Delavan enterprise and the Delavan Republican.</subfield></datafield><datafield ind1="1" ind2="7" tag="246"><subfield code="a">Delavan Wis. enterprise</subfield><subfield code="f">&lt;1988-&gt;</subfield></datafield><datafield ind1=" " ind2=" " tag="260"><subfield code="a">Delavan, Wis. :</subfield><subfield code="b">Mr. &amp; Mrs. A.L. Petermann,</subfield><subfield code="c">1959-</subfield></datafield><datafield ind1=" " ind2=" " tag="300"><subfield code="a">v.</subfield></datafield><datafield ind1=" " ind2=" " tag="310"><subfield code="a">Semiweekly,</subfield><subfield code="b">&lt;June 8, 1989-&gt;</subfield></datafield><datafield ind1=" " ind2=" " tag="321"><subfield code="a">Weekly,</subfield><subfield code="b">1959-1975</subfield></datafield><datafield ind1=" " ind2=" " tag="321"><subfield code="a">Semiweekly</subfield></datafield><datafield ind1=" " ind2=" " tag="321"><subfield code="a">Weekly,</subfield><subfield code="b">&lt;1988-&gt;</subfield></datafield><datafield ind1="0" ind2=" " tag="362"><subfield code="a">May 7, 1959-</subfield></datafield><datafield ind1=" " ind2=" " tag="500"><subfield code="a">Vols. for &lt;June 8, 1989-&gt; published by: Enterprise Pub. Co.</subfield></datafield><datafield ind1=" " ind2=" " tag="515"><subfield code="a">Numbering begins again each year.</subfield></datafield><datafield ind1=" " ind2=" " tag="580"><subfield code="a">Other ed.: Tri-Lakes enterprise, &lt;1970&gt;.</subfield></datafield><datafield ind1=" " ind2="0" tag="651"><subfield code="a">Delavan (Wis.)</subfield><subfield code="v">Newspapers.</subfield></datafield><datafield ind1=" " ind2="7" tag="655"><subfield code="a">Newspapers.</subfield><subfield code="2">fast</subfield><subfield code="0">(OCoLC)fst01423814</subfield></datafield><datafield ind1=" " ind2="7" tag="651"><subfield code="a">Wisconsin</subfield><subfield code="z">Delavan.</subfield><subfield code="2">fast</subfield><subfield code="0">(OCoLC)fst01222688</subfield></datafield><datafield ind1=" " ind2=" " tag="752"><subfield code="a">United States</subfield><subfield code="b">Wisconsin</subfield><subfield code="c">Walworth</subfield><subfield code="d">Delavan.</subfield></datafield><datafield ind1="1" ind2=" " tag="775"><subfield code="t">Tri-Lakes enterprise</subfield><subfield code="w">(DLC)sn 00061501</subfield></datafield><datafield ind1="0" ind2="4" tag="780"><subfield code="t">Delavan enterprise (Delavan, Wis. : 1900)</subfield><subfield code="w">(DLC)sn 87082049</subfield></datafield><datafield ind1="0" ind2="4" tag="780"><subfield code="t">Delavan republican</subfield><subfield code="w">(DLC)sn 85033026</subfield></datafield><datafield ind1="0" ind2="0" tag="785"><subfield code="t">Delavan enterprise (Delavan, Wis. : 1992)</subfield><subfield code="x">1064-4539</subfield><subfield code="w">(DLC)sn 92003400</subfield><subfield code="w">(OCoLC)26287593</subfield></datafield><datafield ind1=" " ind2=" " tag="936"><subfield code="a">June 8, 1989 LIC</subfield></datafield></record>